@article{adams_inequity_1965,
   title       = {Inequity in social exchange},
   volume      = {2},
   journal     = {Advances in Experimental Social Psychology},
   author      = {Adams, Stacy},
   year        = {1965},
   pages       = {267--299}
}

@article{ahlert_thresholds_2012,
   title       = {Thresholds, productivity, and context. {An} experimental study on determinants of distributive behaviour},
   volume      = {40},
   number      = {4},
   journal     = {Social Choice and Welfare},
   author      = {Ahlert, Marlies and Funke, Katja and Schwettmann, Lars},
   year        = {2012},
   pages       = {957--984}
}

@book{amiel_thinking_1999,
   title       = {Thinking about inequality. {Personal} judgment and income distributions},
   author      = {Amiel, Yoram and Cowell, Frank},
   year        = {1999},
   publisher   = {Cambridge University Press},
   address     = {Cambridge}
}

@article{andreoni_social_2009,
   title       = {Social image and the 50--50 norm. {A} theoretical and experimental analysis of audience effects},
   volume      = {77},
   number      = {5},
   journal     = {Econometrica},
   author      = {Andreoni, James and Bernheim, Bert Douglas},
   year        = {2009},
   pages       = {1607--1636}
}

@article{andreoni_giving_2002,
   title       = {Giving according to {GARP}. {An} experimental test of the consistency of preferences for altruism},
   volume      = {70},
   number      = {2},
   journal     = {Econometrica},
   author      = {Andreoni, James and Miller, John},
   year        = {2002},
   pages       = {737--753}
}

@article{annas_prostitute_1985,
   title       = {The prostitute, the playboy, and the poet. {Rationing} schemes for organ transplantation},
   volume      = {75},
   number      = {2},
   journal     = {American Journal of Public Health},
   author      = {Annas, George},
   year        = {1985},
   pages       = {187--189}
}

@book{aristotle_nicomachean_2009,
   title       = {Nicomachean ethics},
   author      = {Aristotle},
   year        = {2009},
   publisher   = {Oxford University Press},
   address     = {New York}
}

@book{bauer_philosophie_2019,
   address     = {Berlin and Boston},
   title       = {Philosophie zwischen {Sein} und {Sollen}. {Normative} {Theorie} und empirische {Forschung} im {Spannungsfeld}},
   publisher   = {Walter de Gruyter},
   editor      = {Bauer, Alexander Max and Meyerhuber, Malte Ingo},
   year        = {2019}
}

@book{bauer_empirical_2020,
   address     = {Berlin and Boston},
   title       = {Empirical research and normative theory. {Transdisciplinary} perspectives on two methodical traditions between separation and interdependence},
   publisher   = {Walter de Gruyter},
   editor      = {Bauer, Alexander Max and Meyerhuber, Malte Ingo},
   year        = {2020}
}

@article{betancourt_attribution-empathy_1990,
   title       = {An attribution-empathy model of helping behavior. {Behavioral} intentions and judgments of help-giving},
   volume      = {16},
   number      = {3},
   journal     = {Personality and Social Psychology Bulletin},
   author      = {Betancourt, Hector},
   year        = {1990},
   pages       = {573--591}
}

@techreport{boarini_measures_2006,
   address     = {Paris},
   type        = {{OECD} {Social}, {Employment} and {Migration} {Working} {Papers}},
   title       = {Measures of material deprivation in {OECD} countries},
   number      = {37},
   institution = {Organisation for Economic Co-Operation and Development},
   author      = {Boarini, Romina and D'Ercole, Marco},
   year        = {2006}
}

@article{brock_needs_2005,
   title       = {Needs and global justice},
   volume      = {57},
   journal     = {Royal Institute of Philosophy Supplements},
   author      = {Brock, Gillian},
   year        = {2005},
   pages       = {51--72}
}

@article{buitrago_relation_2009,
   title       = {On the relation between impulses to help and causes of neediness. {An} experimental study},
   volume      = {38},
   number      = {1},
   journal     = {The Journal of Socio-Economics},
   author      = {Buitrago, Gelkha and G\"uth, Werner and Levati, Maria Vittoria},
   year        = {2009},
   pages       = {80--88}
}

@article{cappelen_responsibility_2005,
   title       = {Responsibility in health care. {A} liberal egalitarian approach},
   volume      = {31},
   number      = {8},
   journal     = {Journal of Medical Ethics},
   author      = {Cappelen, Alexander and Norheim, Ole Frithjof},
   year        = {2005},
   pages       = {476--480}
}

@article{cappelen_responsibility_2006,
   title       = {Responsibility, fairness and rationing in health care},
   volume      = {76},
   number      = {3},
   journal     = {Health Policy},
   author      = {Cappelen, Alexander and Norheim, Ole Frithjof},
   year        = {2006},
   pages       = {312--319}
}

@article{cappelen_relocating_2006,
   title       = {Relocating the responsibility cut. {Should} more responsibility imply less redistribution?},
   volume      = {5},
   number      = {3},
   journal     = {Politics, Philosophy \& Economics},
   author      = {Cappelen, Alexander and Tungodden, Bertil},
   year        = {2006},
   pages       = {353--362}
}

@techreport{cappelen_rich_2008,
   type        = {Discussion Paper},
   title       = {Rich meet poor. {An} international fairness experiment},
   number      = {10},
   author      = {Cappelen, Alexander and Moene, Karl and S{\o}rensen, Erik and Tungodden, Bertil},
   year        = {2008},
   institution = {Chr. Michelsen Institute}
}

@article{cappelen_disability_2010,
   title       = {Disability compensation and responsibility},
   volume      = {9},
   number      = {4},
   journal     = {Politics, Philosophy \& Economics},
   author      = {Cappelen, Alexander and Norheim, Ole Frithjof and Tungodden, Bertil},
   year        = {2010},
   pages       = {411--427}
}

@article{cappelen_just_2013,
   title       = {Just luck. {An} experimental study of risk-taking and fairness},
   volume      = {103},
   number      = {4},
   journal     = {American Economic Review},
   author      = {Cappelen, Alexander and Konow, James and S{\o}rensen, Erik and Tungodden, Bertil},
   year        = {2013},
   pages       = {1398--1413}
}

@article{cappelen_needs_2013,
   title       = {Needs versus entitlements. {An} international fairness experiment},
   volume      = {11},
   number      = {3},
   journal     = {Journal of the European Economic Association},
   author      = {Cappelen, Alexander and Moene, Karl and SÃ¸rensen, Erik and Tungodden, Bertil},
   year        = {2013},
   pages       = {574--598}
}

@article{chen_otree_2016,
   title       = {{oTree}. {A}n open-source platform for laboratory, online, and field experiments},
   volume      = {9},
   journal     = {Journal of Behavioral and Experimental Finance},
   author      = {Chen, Daniel and Schonger, Martin and Wickens, Chris},
   year        = {2016},
   pages       = {88--97}
}

@book{cohen_currency_2011,
   address     = {Princeton},
   title       = {On the currency of egalitarian justice, and other essays in political philosophy},
   publisher   = {Princeton University Press},
   author      = {Cohen, Gerald},
   year        = {2011}
}

@article{dawid_robust_2006,
   title       ={How robust is the equal split norm? {Responsive} strategies, selection mechanisms and the need for economic interpretation of simulation parameters},
   author      = {Dawid, Herbert and Dermietzel, Joern},
   journal     = {Computational Economics},
   volume      = {28},
   number      = {4},
   pages       = {371--397},
   year        = {2006}
}

@book{dean_welfare_2002,
   address     = {Harlow},
   title       = {Welfare rights and social policy},
   publisher   = {Pearson Education},
   author      = {Dean, Hartley},
   year        = {2002}
}

@article{dean_translation_2013,
   title       = {The translation of needs into rights. {Reconceptualising} social citizenship as a global phenomenon},
   volume      = {22},
   number      = {1},
   journal     = {International Journal of Social Welfare},
   author      = {Dean, Hartley},
   year        = {2013},
   pages       = {32--49}
}

@article{deutsch_equity_1975,
   title       = {Equity, equality, and need. {What} determines which value will be used as the basis of distributive justice?},
   volume      = {31},
   number      = {3},
   journal     = {Journal of Social Issues},
   author      = {Deutsch, Morton},
   year        = {1975},
   pages       = {137--149}
}

@book{deutsch_distributive_1985,
   address     = {New Haven},
   title       = {Distributive justice. {A} social-psychological perspective},
   publisher   = {Yale University Press},
   author      = {Deutsch, Morton},
   year        = {1985}
}

@incollection{diederich_identifying_2020,
   address     = {Cham},
   title       = {Identifying needs. {The} psychological perspective},
   booktitle   = {Need-based distributive justice. {An} interdisciplinary perspective},
   publisher   = {Springer},
   author      = {Diederich, Adele},
   editor      = {Traub, Stefan and Kittel, Bernhard},
   year        = {2020},
   pages       = {59--89}
}

@article{diederich_zur_2010,
   title       = {Zur {Akzeptanz} von {Eigenverantwortung} als {Posteriorisierungskriterium}. {Eine} empirische {Untersuchung}},
   volume      = {53},
   number      = {9},
   journal     = {Bundesgesundheitsblatt},
   author      = {Diederich, Adele and Schreier, Margrit},
   year        = {2010},
   pages       = {896--902}
}

@article{diederich_does_2014,
   title       = {Does lifestyle matter when deciding on copayment for health care? {A} survey of the general public},
   volume      = {22},
   number      = {5},
   journal     = {Journal of Public Health},
   author      = {Diederich, Adele and Schwettmann, Lars and Winkelhage, Jeannette},
   year        = {2014},
   pages       = {443--453}
}

@article{doyal_theory_1984,
   title       = {A theory of human needs},
   volume      = {4},
   number      = {10},
   journal     = {Critical Social Policy},
   author      = {Doyal, Len and Gough, Ian},
   year        = {1984},
   pages       = {6--38}
}

@article{dworkin_equality_1981,
   title       = {What is equality? {Part} 2. {Equality} of resources},
   author      = {Dworkin, Ronald},
   journal     = {Philosophy \& Public Affairs},
   pages       = {283--345},
   year        = {1981},
   volume      = {10},
   number      = {4}
}

@book{esping-andersen_three_1990,
   address     = {Princeton},
   title       = {The three worlds of welfare capitalism},
   language    = {Englisch},
   publisher   = {Princeton University Press},
   author      = {Esping-Andersen, G{\o}sta},
   year        = {1990}
}

@article{farwell_self-perception_1996,
   title       = {Self-perception of fairness in individual and group contexts},
   volume      = {22},
   number      = {9},
   journal     = {Personality and Social Psychology Bulletin},
   author      = {Farwell, Lisa and Weiner, Bernard},
   year        = {1996},
   pages       = {868--881}
}

@article{fisman_individual_2007,
   title       = {Individual preferences for giving},
   author      = {Fisman, Raymond and Kariv, Shachar and Markovits, Daniel},
   journal     = {American Economic Review},
   volume      = {97},
   number      = {5},
   pages       = {1858--1876},
   year        = {2007}
}

@article{fong_social_2001,
   title       = {Social preferences, self-interest, and the demand for redistribution},
   volume      = {82},
   number      = {2},
   journal     = {Journal of Public Economics},
   author      = {Fong, Christina},
   year        = {2001},
   pages       = {225--246}
}

@article{fowler_measuring_1994,
   title       = {Measuring public priorities for insurable health care},
   volume      = {32},
   number      = {6},
   journal     = {Medical Care},
   author      = {Fowler, Floyd and Berwick, Donald and Roman, Anthony and Massagli, Michael},
   year        = {1994},
   pages       = {625--639}
}

@article{frohlich_choosing_1990,
   title       = {Choosing justice in experimental democracies with production},
   volume      = {84},
   number      = {2},
   journal     = {The American Political Science Review},
   author      = {Frohlich, Norman and Oppenheimer, Joe},
   year        = {1990},
   pages       = {461--477}
}

@book{frohlich_choosing_1992,
   address     = {Berkeley},
   title       = {Choosing justice. {An} experimental approach to ethical theory},
   publisher   = {University of California Press},
   author      = {Frohlich, Norman and Oppenheimer, Joe},
   year        = {1992}
}

@article{frohlich_choices_1987,
   title       = {Choices of principles of distributive justice in experimental groups},
   volume      = {31},
   number      = {3},
   journal     = {American Journal of Political Science},
   author      = {Frohlich, Norman and Oppenheimer, Joe and Eavey, Cheryl},
   year        = {1987},
   pages       = {606--636}
}

@article{frohlich_laboratory_1987,
   title       = {Laboratory results on {Rawls}'s distributive justice},
   author      = {Frohlich, Norman and Oppenheimer, Joe and Eavey, Cheryl},
   journal     = {British Journal of Political Science},
   pages       = {1--21},
   year        = {1987},
   volume      = {17},
   number      = {1}
}

@book{gaertner_empirical_2012,
   address     = {New York},
   title       = {Empirical social choice. {Questionnaire}-experimental studies on distributive justice},
   publisher   = {Cambridge University Press},
   author      = {Gaertner, Wulf and Schokkaert, Erik},
   year        = {2012}
}

@article{gaertner_equity_2007,
   title       = {Equity, responsibility and the cultural dimension},
   volume      = {74},
   number      = {296},
   journal     = {Economica},
   author      = {Gaertner, Wulf and Schwettmann, Lars},
   year        = {2007},
   pages       = {627--649}
}

@incollection{gasper_needs_2005,
   address     = {London},
   title       = {Needs and human rights},
   booktitle   = {The essentials of human rights},
   publisher   = {Hodder \& Stoughton},
   author      = {Gasper, Des},
   editor      = {Smith, Rhona and van den Anker, Christien},
   year        = {2005},
   pages       = {269--272}
}

@article{herreiner_inequality_2010,
   title       = {Inequality aversion and efficiency with ordinal and cardinal social preferences. {An} experimental study},
   author      = {Herreiner, Dorothea and Puppe, Clemens},
   journal     = {Journal of Economic Behavior \& Organization},
   volume      = {76},
   number      = {2},
   pages       = {238--253},
   year        = {2010}
}

@article{homans_social_1958,
   title       = {Social behavior as exchange},
   volume      = {63},
   number      = {6},
   journal     = {American Journal of Sociology},
   author      = {Homans, George},
   year        = {1958},
   pages       = {597--606}
}

@article{jasso_justice_1978,
   title       = {On the justice of earnings. {A} new specification of the justice evaluation function},
   author      = {Jasso, Guillermina},
   journal     = {American Journal of Sociology},
   volume      = {83},
   number      = {6},
   pages       = {1398--1419},
   year        = {1978}
}

@incollection{jasso_distributive_2016,
   title       = {Distributive justice},
   author      = {Jasso, Guillermina and T{\"o}rnblom, Kjell Y and Sabbagh, Clara},
   booktitle   = {Handbook of social justice theory and research},
   editor      = {Sabbagh, Clara and Schmitt, Manfred},
   pages       = {201--218},
   address     = {New York},
   year        = {2016},
   publisher   = {Springer}
}

@article{karasawa_effects_1991,
   title       = {The effects of onset and offset responsibility on affects and helping judgments},
   volume      = {21},
   number      = {6},
   journal     = {Journal of Applied Social Psychology},
   author      = {Karasawa, Kaori},
   year        = {1991},
   pages       = {482--499}
}

@book{knight_luck_2009,
   address     = {Edinburgh},
   title       = {Luck egalitarianism. {Equality}, responsibility, and justice},
   publisher   = {Edinburgh University Press},
   author      = {Knight, Carl},
   year        = {2009}
}

@article{konow_positive_1996,
   title       = {A positive theory of economic fairness},
   volume      = {31},
   number      = {1},
   journal     = {Journal of Economic Behavior \& Organization},
   author      = {Konow, James},
   year        = {1996},
   pages       = {13--35}
}

@article{konow_fair_2001,
   title       = {Fair and square. {The} four sides of distributive justice},
   volume      = {46},
   number      = {2},
   journal     = {Journal of Economic Behavior \& Organization},
   author      = {Konow, James},
   year        = {2001},
   pages       = {137--164}
}

@article{konow_which_2003,
   title       = {Which is the fairest one of all? {A} positive analysis of justice theories},
   volume      = {41},
   number      = {4},
   journal     = {Journal of Economic Literature},
   author      = {Konow, James},
   year        = {2003},
   pages       = {1188--1239}
}

@article{konow_blind_2005,
   title       = {Blind spots. {The} effects of information and stakes on fairness bias and dispersion},
   volume      = {18},
   number      = {4},
   journal     = {Social Justice Research},
   author      = {Konow, James},
   year        = {2005},
   pages       = {349--390}
}

@article{konow_is_2009,
   title       = {Is fairness in the eye of the beholder? {An} impartial spectator analysis of justice},
   volume      = {33},
   number      = {1},
   journal     = {Social Choice and Welfare},
   author      = {Konow, James},
   year        = {2009},
   pages       = {101--127}
}

@incollection{konow_economics_2016,
   address     = {New York},
   title       = {The economics of justice},
   booktitle   = {Handbook of social justice theory and research},
   publisher   = {Springer},
   author      = {Konow, James and Schwettmann, Lars},
   editor      = {Sabbagh, Clara and Schmitt, Manfred},
   year        = {2016},
   pages       = {83--106}
}

@article{lamm_norms_1980,
   title       = {Norms concerning distributive justice. {Are} needs taken into consideration in allocation decisions?},
   volume      = {43},
   number      = {4},
   journal     = {Social Psychology Quarterly},
   author      = {Lamm, Helmut and Schwinger, Thomas},
   year        = {1980},
   pages       = {425--429}
}

@article{lerner_justice_1977,
   title       = {The justice motive. {Some} hypotheses as to its origins and forms},
   volume      = {45},
   number      = {1},
   journal     = {Journal of Personality},
   author      = {Lerner, Melvin},
   year        = {1977},
   pages       = {1--52}
}

@article{leventhal_distribution_1976,
   title       = {The distribution of rewards and resources in groups and organizations},
   volume      = {9},
   journal     = {Advances in Experimental Social Psychology},
   author      = {Leventhal, Gerald},
   year        = {1976},
   pages       = {91--131}
}

@incollection{sabbagh_sociology_2016,
   address     = {New York},
   title       = {Sociology of justice},
   booktitle   = {Handbook of social justice theory and research},
   publisher   = {Springer},
   author      = {Liebig, Stefan and Sauer, Carsten},
   editor      = {Sabbagh, Clara and Schmitt, Manfred},
   year        = {2016},
   pages       = {37--59}
}

@phdthesis{meyer_individual_2019,
   title       = {Individual motives for (re-)distribution},
   author      = {Meyer, Frauke},
   year        = {2019},
   series      = {Dissertation Series},
   publisher   = {Research Centre for Education and the Labour Market},
   number      = {28},
   address     = {Maastricht},
   school      = {Maastricht University},
}

@article{michelbach_doing_2003,
   title       = {Doing {Rawls} justice. {An} experimental study of income distribution norms},
   volume      = {47},
   number      = {3},
   journal     = {American Journal of Political Science},
   author      = {Michelbach, Philip and Scott, John and Matland, Richard and Bornstein, Brian},
   year        = {2003},
   pages       = {523--539}
}

@book{miller_principles_1999,
   address     = {Cambridge and London},
   title       = {Principles of social justice},
   publisher   = {Harvard University Press},
   author      = {Miller, David},
   year        = {1999}
}

@incollection{miller_needs-based_2020,
   address     = {Berlin and Boston},
   title       = {Needs-based justice. {Theory} and evidence},
   booktitle   = {Empirical research and normative theory. {Transdisciplinary} perspectives on two methodical traditions between separation and interdependence},
   publisher   = {Walter de Gruyter},
   author      = {Miller, David},
   editor      = {Bauer, Alexander Max and Meyerhuber, Malte Ingo},
   year        = {2020},
   pages       = {271--292}
}

@article{mitchell_judgments_1993,
   title       = {Judgments of social justice. {Compromises} between equality and efficiency},
   volume      = {65},
   number      = {4},
   journal     = {Journal of Personality and Social Psychology},
   author      = {Mitchell, Gregory and Tetlock, Philip and Mellers, Barbara and Ord\'{o}\~{n}ez, Lisa},
   year        = {1993},
   pages       = {629--639}
}

@article{murphy-berman_factors_1984,
   title       = {Factors affecting allocation to needy and meritorious recipients. {A} cross-cultural comparison},
   volume      = {46},
   number      = {6},
   journal     = {Journal of Personality and Social Psychology},
   author      = {Murphy-Berman, Virgini and Berman, John and Singh, Purnima and Pachauri, Anju and Kumar, Pramod},
   year        = {1984},
   pages       = {1267--1272}
}

@article{neuberger_assessing_1998,
   title       = {Assessing priorities for allocation of donor liver grafts. {Survey} of public and clinicians},
   volume      = {317},
   number      = {7152},
   journal     = {British Medical Journal},
   author      = {Neuberger, James and Adams, David and MacMaster, Paul and Maidment, Anita and Speed, Mark},
   year        = {1998},
   pages       = {172--175}
}

@incollection{nicklisch_need_2020,
   address     = {Cham},
   title       = {Need-based justice and distribution procedures. {The} perspective of economics},
   author      = {Nicklisch, Andreas and Paetzel, Fabian},
   booktitle   = {Need-based distributive justice. {An} interdisciplinary perspective},
   publisher   = {Springer},
   editor      = {Traub, Stefan and Kittel, Bernhard},
   pages       = {161--189},
   year        = {2020}
}

@article{nussbaum_human_1992,
   title       = {Human functioning and social justice. {In} defense of {Aristotelian} essentialism},
   volume      = {20},
   number      = {2},
   journal     = {Political Theory},
   author      = {Nussbaum, Martha},
   year        = {1992},
   pages       = {202--246}
}

@article{phares_internal-external_1975,
   title       = {Internal-external control, interpersonal judgments of others in need, and attribution of responsibility},
   volume      = {43},
   number      = {1},
   journal     = {Journal of Personality},
   author      = {Phares, Jerry and Lamiell, James},
   year        = {1975},
   pages       = {23--38}
}

@book{plant_political_2009,
   address     = {New York},
   title       = {Political philosophy and social welfare. {Essays} on the normative basis of welfare provisions},
   publisher   = {Routledge},
   author      = {Plant, Raymond and Taylor-Gooby, Peter and Lesser, Anthony},
   year        = {2009}
}

@incollection{renzo_human_2015,
   address     = {New York and Oxford},
   title       = {Human needs, human rights},
   booktitle   = {Philosophical foundations of human rights},
   publisher   = {Oxford University Press},
   author      = {Renzo, Massimo},
   editor      = {Cruft, Rowan and Liao, Matthew and Renzo, Massimo},
   year        = {2015},
   pages       = {570--587}
}

@article{schokkaert_m_1999,
   title       = {M. {Tout}-le-monde est 'post-welfariste'. {Opinions} sur la justice redistributive},
   volume      = {50},
   number      = {4},
   journal     = {Revue Ã©conomique},
   author      = {Schokkaert, Erik},
   year        = {1999},
   pages       = {811--831}
}

@book{schwettmann_trading_2009,
   address     = {Frankfurt am Main},
   title       = {Trading off competing allocation principles. {Theoretical} approaches and empirical investigations},
   publisher   = {Peter Lang},
   author      = {Schwettmann, Lars},
   year        = {2009}
}

@article{schwettmann_competing_2012,
   title       = {Competing allocation principles. {Time} for compromise?},
   volume      = {73},
   number      = {3},
   journal     = {Theory and Decision},
   author      = {Schwettmann, Lars},
   year        = {2012},
   pages       = {357--380}
}

@incollection{schwettmann_simple_2020,
   address     = {Berlin and Boston},
   title       = {A simple vote wonât do it. {Empirical} social choice and the fair allocation of health care resources},
   booktitle   = {Empirical research and normative theory. {Transdisciplinary} perspectives on two methodical traditions between separation and interdependence},
   publisher   = {Walter de Gruyter},
   author      = {Schwettmann, Lars},
   editor      = {Bauer, Alexander Max and Meyerhuber, Malte Ingo},
   year        = {2020},
   pages       = {293--314}
}

@article{scott_whats_2009,
   title       = {What's fair in foul weather and fair? {Distributive} justice across different allocation contexts and goods},
   volume      = {71},
   number      = {3},
   journal     = {The Journal of Politics},
   author      = {Scott, John and Bornstein, Brian},
   year        = {2009},
   pages       = {831--846}
}

@article{scott_just_2001,
   title       = {Just deserts. {An} experimental study of distributive justice norms},
   volume      = {45},
   number      = {4},
   journal     = {American Journal of Political Science},
   author      = {Scott, John and Matland, Richard and Michelbach, Philip and Bornstein, Brian},
   year        = {2001},
   pages       = {749--767}
}

@incollection{siebel_need-based_2020,
   address     = {Cham},
   title       = {Need-based justice from the perspective of philosophy},
   booktitle   = {Need-based distributive justice. {An} interdisciplinary perspective},
   publisher   = {Springer},
   author      = {Siebel, Mark and Schramme, Thomas},
   editor      = {Traub, Stefan and Kittel, Bernhard},
   year        = {2020},
   pages       = {21--58}
}

@article{skitka_allocating_1992,
   title       = {Allocating scarce resources. {A} contingency model of distributive justice},
   volume      = {28},
   number      = {6},
   journal     = {Journal of Experimental Social Psychology},
   author      = {Skitka, Linda and Tetlock, Philip},
   year        = {1992},
   pages       = {491--522}
}

@incollection{mellers_ants_1993,
   address     = {Cambridge},
   title       = {Of ants and grasshoppers. {The} political psychology of allocating public assistance},
   booktitle   = {Psychological perspectives on justice. {Theory} and applications},
   publisher   = {Cambridge University Press},
   author      = {Skitka, Linda and Tetlock, Philip},
   editor      = {Mellers, Barbara and Baron, Jonathan},
   year        = {1993},
   pages       = {205--233}
}

@article{skitka_providing_1993,
   title       = {Providing public assistance. {Cognitive} and motivational processes underlying liberal and conservative policy preferences},
   volume      = {65},
   number      = {6},
   journal     = {Journal of Personality and Social Psychology},
   author      = {Skitka, Linda and Tetlock, Philip},
   year        = {1993},
   pages       = {1205--1223}
}

@article{stanton_cost_1999,
   title       = {The cost of living. {Kidney} dialysis, rationing and health economics in {Britain}, 1965â1996},
   volume      = {49},
   number      = {9},
   journal     = {Social Science \& Medicine},
   author      = {Stanton, Jennifer},
   year        = {1999},
   pages       = {1169--1182}
}

@book{tan_justice_2012,
   address     = {Oxford},
   title       = {Justice, institutions, and luck. {The} site, ground, and scope of equality},
   publisher   = {Oxford University Press},
   author      = {Tan, Kok-Chor},
   year        = {2012}
}

@book{temkin_inequality_1993,
   address     = {New York},
   title       = {Inequality},
   publisher   = {Oxford University Press},
   author      = {Temkin, Larry},
   year        = {1993}
}

@article{traub_friedman_2005,
   title       = {Friedman, {Harsanyi}, {Rawls}, {Boulding}---or somebody else? {An} experimental investigation of distributive justice},
   volume      = {24},
   number      = {2},
   journal     = {Social Choice and Welfare},
   author      = {Traub, Stefan and Seidl, Christian and Schmidt, Ulrich and Levati, Maria},
   year        = {2005},
   pages       = {283--309}
}

@article{trueblood_reference_2015,
   title       = {Reference point effects in riskless choice without loss aversion},
   volume      = {2},
   number      = {1},
   journal     = {Decision},
   author      = {Trueblood, Jennifer},
   year        = {2015},
   pages       = {13--26},
}

@article{turner_depalma_perceived_1999,
   title       = {Perceived patient responsibility and belief in a just world affect helping},
   volume      = {21},
   number      = {2},
   journal     = {Basic and Applied Social Psychology},
   author      = {Turner DePalma, Mary and Madey, Scott and Tillman, Timothy and Wheeler, Jennifer},
   year        = {1999},
   pages       = {131--137}
}

@article{tversky_loss_1991,
   title       = {Loss aversion in riskless choice. {A} reference-dependent model},
   volume      = {106},
   number      = {4},
   journal     = {The Quarterly Journal of Economics},
   author      = {Tversky, Amos and Kahneman, Daniel},
   year        = {1991},
   pages       = {1039--1061}
}

@article{ubel_allocation_2001,
   title       = {Allocation of transplantable organs. {Do} people want to punish patients for causing their illness?},
   volume      = {7},
   number      = {7},
   journal     = {Liver Transplantation},
   author      = {Ubel, Peter and Jepson, Christopher and Baron, Jonathan and Mohr, Tara and McMorrow, Stacey and Asch, David},
   year        = {2001},
   pages       = {600--607}
}

@article{wagstaff_equity_1994,
   title       = {Equity, equality, and need. {Three} principles of justice or one? {An} analysis of ``equity as desert''},
   volume      = {13},
   number      = {2},
   journal     = {Current Psychology},
   author      = {Wagstaff, Graham},
   year        = {1994},
   pages       = {138--152}
}

@book{weale_political_1984,
   address     = {London and Basingstoke},
   title       = {Political theory and social policy},
   publisher   = {Macmillan},
   author      = {Weale, Albert},
   year        = {1984}
}

@article{weiner_sin_1993,
   title       = {On sin versus sickness. {A} theory of perceived responsibility and social motivation},
   volume      = {48},
   number      = {9},
   journal     = {American Psychologist},
   author      = {Weiner, Bernard},
   year        = {1993},
   pages       = {957--965}
}

@article{weiner_attributional_1970,
   title       = {An attributional analysis of achievement motivation},
   volume      = {15},
   number      = {1},
   journal     = {Journal of Personality and Social Psychology},
   author      = {Weiner, Bernard and Kukla, Andy},
   year        = {1970},
   pages       = {1--20}
}

@techreport{weis_needs_2017,
   address     = {Hamburg},
   type        = {{FOR} 2104 {Working} {Paper}},
   title       = {Needs as reference points. {When} marginal gains to the poor do not matter},
   number      = {13},
   institution = {Helmut Schmidt University},
   author      = {WeiÃ, Arne Robert and Bauer, Alexander Max and Traub, Stefan},
   year        = {2017}
}

@article{yaari_dividing_1984,
   title       = {On dividing justly},
   volume      = {1},
   number      = {1},
   journal     = {Social Choice and Welfare},
   author      = {Yaari, Menachem and Bar-Hillel, Maya},
   year        = {1984},
   pages       = {1--24}
}

@article{yamauchi_attribution-emotion_1999,
   title       = {An attribution-emotion model of helping behavior},
   volume      = {84},
   number      = {3},
   journal     = {Psychological Reports},
   author      = {Yamauchi, Hirotsugu and Lee, Kana},
   year        = {1999},
   pages       = {1073--1074}
}

@book{young_equity_1994,
   title       = {Equity. {In} theory and practice},
   author      = {Young, Hobart Peyton},
   year        = {1994},
   address     = {Princeton},
   publisher   = {Princeton University Press}
}
